@Article{longRange,
     author    = "Khachatryan, Vardan and others",
 collaboration = "CMS",
     title     = "{Observation of Long-Range Near-Side Angular Correlations
                  in Proton-Proton Collisions at the LHC}",
     journal   = "JHEP",
     volume    = "09",
     year      = "2010",
     pages     = "091",
     eprint    = "1009.4122",
     archivePrefix = "arXiv",
     primaryClass  =  "hep-ex",
     doi       = "10.1007/JHEP09(2010)091",
     SLACcitation  = "%%CITATION = 1009.4122;%%"
}
@Article{susyPrimer,
     author    = "Martin, Stephen P.",
     title     = "{A Supersymmetry Primer}",
     year      = "1997",
     eprint    = "hep-ph/9709356",
     archivePrefix = "arXiv",
     SLACcitation  = "%%CITATION = HEP-PH/9709356;%%"
}

@Article{susyPeskin,
     author    = "Peskin, Michael E.",
     title     = "{Supersymmetry in Elementary Particle Physics}",
     year      = "2008",
     eprint    = "0801.1928",
     archivePrefix = "arXiv",
     primaryClass  =  "hep-ph",
     SLACcitation  = "%%CITATION = 0801.1928;%%"
}

@Article{susyMssm,
     author    = "Aitchison, Ian J. R.",
     title     = "{Supersymmetry and the MSSM: An Elementary introduction}",
     year      = "2005",
     eprint    = "hep-ph/0505105",
     archivePrefix = "arXiv",
     SLACcitation  = "%%CITATION = HEP-PH/0505105;%%"
}

@ARTICLE{hcalarxiv,
   author = {{CMS Collaboration}},
    title = "{Performance of the CMS hadron calorimeter with cosmic ray muons and LHC beam data}",
  journal = {Journal of Instrumentation},
archivePrefix = "arXiv",
   eprint = {0911.4991},
 primaryClass = "physics.ins-det",
     year = 2010,
    month = mar,
   volume = 5,
    pages = {3012-+},
      doi = {10.1088/1748-0221/5/03/T03012},
   adsurl = {http://adsabs.harvard.edu/abs/2010JInst...5T3012C},
  adsnote = {Provided by the SAO/NASA Astrophysics Data System}
}

@ARTICLE{cmsdt,
  author = {{CMS Collaboration}},
   title = "{Calibration of the CMS drift tube chambers and measurement of the drift velocity with cosmic rays}",
 journal = {Journal of Instrumentation},
archivePrefix = "arXiv",
  eprint = {0911.4895},
primaryClass = "physics.ins-det",
    year = 2010,
   month = mar,
  volume = 5,
   pages = {3016-+},
     doi = {10.1088/1748-0221/5/03/T03016},
  adsurl = {http://adsabs.harvard.edu/abs/2010JInst...5T3016C},
 adsnote = {Provided by the SAO/NASA Astrophysics Data System}
}

@book{magnettdr,
  title        = "The CMS magnet project: Technical Design Report",     
  publisher    = "CERN",       
  address      = "Geneva",       
  series       = "Technical Design Report CMS",       
  year         = "1997", 
}

@misc{cmsComputingReport,
  title        = "Status of the Computing Operations and Challenges for 2011",     
  author       = {Ian Fisk},
  publisher    = "CERN",       
  address      = "Geneva",       
  year         = "2011", 
  month        = jun,
}

@Article{cmsdetector,
     author    = "Adolphi, R. and others",
 collaboration = "CMS",
     title     = "{The CMS experiment at the CERN LHC}",
     journal   = "JINST",
     volume    = "3",
     year      = "2008",
     pages     = "S08004",
     doi       = "10.1088/1748-0221/3/08/S08004",
     SLACcitation  = "%%CITATION = JINST,3,S08004;%%"
}

@Article{cmstdrvol1,
  collaboration  = "CMS",
  title = "Physics Technical Design Report, Vol. 1: Detector Performance and Software",
  journal = "CERN/LHCC",
  volume ="2006-001",
  year = "2006"
}

@techreport{tttevatron,
      author       = "Shabalina, E",
      title        = "Top Quark Production Cross Section at the Tevatron",
      institution  = "FERMILAB",
      address      = "Batavia, IL",
      number       = "hep-ex/0605045. FERMILAB-Conf-2006-107-E",
      month        = "May",
      year         = "2006",
}

@Article{ttcms,
     author    = "Chatrchyan, Serguei and others",
 collaboration = "CMS",
     title     = "{Measurement of the t t-bar production cross section and
                  the top quark mass in the dilepton channel in pp collisions
                  at sqrt(s) =7 TeV}",
     year      = "2011",
     eprint    = "1105.5661",
     archivePrefix = "arXiv",
     primaryClass  =  "hep-ex",
     SLACcitation  = "%%CITATION = 1105.5661;%%"
}

@Article{pdg,
     author    = "Nakamura, K. and others",
 collaboration = "Particle Data Group",
     title     = "{Review of particle physics}",
     journal   = "J. Phys.",
     volume    = "G37",
     year      = "2010",
     pages     = "075021",
     doi       = "10.1088/0954-3899/37/7A/075021",
     SLACcitation  = "%%CITATION = JPHGB,G37,075021;%%"
}

@misc{cmspub,
  title        = "CMS Public Web Page",     
  publisher    = "CERN",       
  address      = "Geneva",       
  note         = {http://cms.web.cern.ch/},
  date         = "2011/06/13",

}

@misc{cernpub,
  title        = "CERN Public Web Page",     
  publisher    = "CERN",       
  address      = "Geneva",       
  note         = {http://public.web.cern.ch},
  date         = "2011/06/06",

}

@book{lhctdr,
      author       = "Br√ºning, Oliver Sim and Collier, Paul and Lebrun, P and
                      Myers, Stephen and Ostojic, Ranko and Poole, John and
                      Proudlock, Paul",
      title        = "LHC Design Report",
      publisher    = "CERN",
      address      = "Geneva",
      year         = "2004",
}
